|0000|018|0|01012025|31012025|||||103244212||||B|1|
|0001|0|
|0005|RENASCER FRIOS|74553380||147|asdasf|SETOR CENTRO OESTE|||as@dsd.com|
|0100|B L N MESQUITA SECOS E MOLHADOS LTDA|||44770567000112|74523190||113||SET CAMPINAS|||marcos05111993@gmail.com|5208707|
|0150|1|NF-E EMITIDA EM AMBIENTE DE HOMOLOGACAO - SEM VALOR FISCAL|1058|08543628000145||9041143751|4112009||RUA PAULO ROGERIO CHAMMA|443||ARY FANCHIN|
|0990|6|
|B001|1|
|B990|2|
|C001|0|
|C100|1|1|1|55|00|2|3275|52250103630111000170550020000032751000183728|09012025|09012025|55,00|2|0,00|0,00|50,00|3|5,00|0,00|0,00|0,00|0,00|0,00|0,00|0,00|0,00|0,00|0,00|0,00|
|C190|102|6102|0,00|50,00|0,00|0,00|0,00|0,00|0,00|0,00||
|C100|1|1||65|00|4|1|52250103630111000170650040000000011000487708|02012025|02012025|12,00|2|0,00|0,00|12,00|3|0,00|0,00|0,00|0,00|0,00||||||||
|C190|102|5101|0,00|12,00|0,00|0,00|0,00|0,00|0,00|0,00||
|C100|1|1||65|00|4|2|52250103630111000170650040000000021000192780|02012025|02012025|12,00|2|0,00|0,00|12,00|3|0,00|0,00|0,00|0,00|0,00||||||||
|C190|102|5101|0,00|12,00|0,00|0,00|0,00|0,00|0,00|0,00||
|C100|1|1||65|00|4|3|52250103630111000170650040000000031000309120|02012025|02012025|12,00|2|0,00|0,00|12,00|3|0,00|0,00|0,00|0,00|0,00||||||||
|C190|102|5101|0,00|12,00|0,00|0,00|0,00|0,00|0,00|0,00||
|C100|1|1||65|00|4|4|52250103630111000170650040000000041000386857|02012025|02012025|12,00|2|0,00|0,00|12,00|3|0,00|0,00|0,00|0,00|0,00||||||||
|C190|102|5101|0,00|12,00|0,00|0,00|0,00|0,00|0,00|0,00||
|C100|1|1||65|00|4|5|52250103630111000170650040000000051000497923|02012025|02012025|12,00|2|0,00|0,00|12,00|3|0,00|0,00|0,00|0,00|0,00||||||||
|C190|102|5101|0,00|12,00|0,00|0,00|0,00|0,00|0,00|0,00||
|C990|14|
|D001|1|
|D990|2|
|E001|0|
|E100|01012025|31012025|
|E110|0,00|0,00|0,00|0,00|0,00|0,00|0,00|0,00|0,00|0,00|0,00|0,00|0,00|0,00|
|E990|4|
|G001|1|
|G990|2|
|H001|1|
|H990|2|
|K001|0|
|K990|2|
|1001|0|
|1010|N|N|N|N|N|N|N|N|N|N|N|N|N|
|1990|3|
|9001|0|
|9900|0000|1|
|9900|0001|1|
|9900|0005|1|
|9900|0100|1|
|9900|0150|1|
|9900|0990|1|
|9900|B001|1|
|9900|B990|1|
|9900|C001|1|
|9900|C100|6|
|9900|C190|6|
|9900|C990|1|
|9900|D001|1|
|9900|D990|1|
|9900|E001|1|
|9900|E100|1|
|9900|E110|1|
|9900|E990|1|
|9900|G001|1|
|9900|G990|1|
|9900|H001|1|
|9900|H990|1|
|9900|K001|1|
|9900|K990|1|
|9900|1001|1|
|9900|1010|1|
|9900|1990|1|
|9900|9001|1|
|9900|9900|31|
|9900|9990|1|
|9900|9999|1|
|9990|34|
|9999|71|
