00100000         208543628000145000001111001411001  2198940000001589687 MICHEL BUENO DE MELLO         BANCO DO BRASIL S.A.                    10306202423530400000008401600                                                                     
00100011R01  042 2008543628000145000001111001411001  2198940000001589687 MICHEL BUENO DE MELLO                                                                                         000000000306202400000000                                 
0010001300001P 012198940000001589687 111100000020        1   00000000000000021604202400000000001500000000002S03062024216042024000000000000089000000000000000000000000000000000000000000000000000000                         3000000090000000000 
0010001300002Q 012003630111000170FABIANO ROGERIO DI SILVA                RUA SENADOR JAIME, 147                  SETOR CENTRO OE74553380GOIANIA        GO0000000000000000                                        000                            
0010001300003R 01000000000000000000000000000000000000000000000000216042024000000000000156                                                                                                              0000000000000000 000000000000  0         
00100015         000005                                                                                                                                                                                                                         
00199999         000001000007000000                                                                                                                                                                                                             
