01REMESSA01COBRANCA       21980001589684      MICHEL BUENO DE MELLO         004B.DO NORDESTE  050624                                                                                                                                                                                                                                                                                                      000001
1                2198000158968400                             0000002700000000000000000000000000000        4012         04102400000000100000040000 01S050624000000000000000000000000000000000000000000000000000000000000000100052696600244WILLIAM CAMILLO RODRIGUES BARRERA       L, 0                                    C           68900000MACAPA         AP                                        990000002
9                                                                                                                                                                                                                                                                                                                                                                                                         000003
