01REMESSA01 COBRANCA      000000000047        MICHEL BUENO DE MELLO         336               050624        000000000000                                                                                                                                                                                                                                                                          1BI8CRTQ000001
10208543628000145000000000047                                 000000000020        336                     10012         0311240000000010000        01S050624000000000000000000000000000000000000000000       00000000000000100052696600244WILLIAM CAMILLO RODRIGUES BARRERA       L, 0                                    C           68900000MACAPA         AP                              000 03112400 000002
9                                                                                                                                                                                                                                                                                                                                                                                                         000003
