74800000         208543628000145                    21989 0000001589680 MICHEL BUENO DE MELLO         SICREDI                                 105062024151356HJ5FPO08101600                                                                     
74800011R01  040 2008543628000145                    21989 0000001589680 MICHEL BUENO DE MELLO                                                                                         HJ5FPOGD0506202400000000                                 
7480001300001P 0121989 0000001589680 242000035           111220000000000000020606202400000000001000000000 05S05062024300000000000000000000000000000000000000000000000000000000000000000000000000000                         3001060090000000000 
7480001300002Q 012008543628000145MICHEL BUENO DE MELLO  CIA LTDA         RUA PAULO ROGERIO CHAMMA, 443           ARY FANCHIN    84200000JAGUARIAIVA    PR0000000000000000                                        000                            
7480001300003P 0121989 0000001589680 242000027           111220000000000000021005202400000000001949000000 05S05062024300000000000000000000000000000000000000000000000000000000000000000000000000000                         3001060090000000000 
7480001300004Q 012028080979000174SONHO DE CRIANCA COMERCIO DE ARTIGOS DE RUA DO CHUMBO, SN                       JARDIM DIAMANTI74573140GOIANIA        GO0000000000000000                                        000                            
74800015         0000060000000000000000000000000000000000000000000000000000000000000000000000000000000000000000000000000000                                                                                                                     
74899999         000001000008000000                                                                                                                                                                                                             
