74800000         208543628000145                    21989 0000001589680 MICHEL BUENO DE MELLO         SICREDI                                 105062024151846ZDVENR08101600                                                                     
74800011R01  040 2008543628000145                    21989 0000001589680 MICHEL BUENO DE MELLO                                                                                         ZDVENRNR0506202400000000                                 
7480001300001P 0121989 0000001589680 242000108           111220000000000001001005202400000000001799000000 05S05062024300000000000000000000000000000000000000000000000000000000000000000000000000000                         3001060090000000000 
7480001300002Q 012053541857000185ESTEVES COMERCIAL DE LUBRIFICANTES II LTAVENIDA PRESIDENTE KUBITSCHECK, 835     JD PRESIDENTE  74353250GOIANIA        GO0000000000000000                                        000                            
74800015         0000040000000000000000000000000000000000000000000000000000000000000000000000000000000000000000000000000000                                                                                                                     
74899999         000001000006000000                                                                                                                                                                                                             
