23700000         208543628000145000000921989015896872198940000001589687 MICHEL BUENO DE MELLO         BRADESCO                                105062024102717QNZCKF08401600                                                                     
23700011R01  042 2008543628000145000000921989015896872198940000001589687 MICHEL BUENO DE MELLO                                                                                         QNZCKF9H0506202400000000                                 
2370001300001P 012198940000001589687 0090000000000000002P111220000000000000021005202400000000001299000000001S05062024310052024000000000000000000000000000000000000000000000000000000000000000000000                         3002000090000000000 
2370001300002Q 012034141786000189PANIFICADORA EMPORIO VIDA LTDA          RODOVIA BR-153, SN                      FAZENDA RETIRO 74620430GOIANIA        GO0000000000000000                                        000                            
2370001300003R 01000000000000000000000000000000000000000000000000010052024000000000000000                                                                                                              0000000000000000 000000000000  2         
23700015         0000050000010000000000001299000000000000000000000000000000000000000000000000000000000000000000000000000000                                                                                                                     
23799999         000001000007000000                                                                                                                                                                                                             
