75600000         208543628000145                    21989400000015896870MICHEL BUENO DE MELLO         SICOOB                                  105062024101809WCZ7Q108100000                                                                     
75600011R01  040 2008543628000145                    2198940000001589687 MICHEL BUENO DE MELLO                                                                                         WCZ7Q11L0506202400000000                                 
7560001300001P 012198940000001589687 000000002001014     10 220000000000000021304202400000000002000000000 02A05062024000000000000000000000000000000000000000000000000000000000000000000000000000000                         3000   090000000000 
7560001300002Q 012008543628000145MICHEL BUENO DE MELLO  CIA LTDA         RUA PAULO ROGERIO CHAMMA, 443           ARY FANCHIN    84200000JAGUARIAIVA    PR0000000000000000                                        000                            
7560001300003R 01000000000000000000000000000000000000000000000000000000000000000000000000                                                                                                              0000000000000000 000000000000  0         
75600015         00000500000100000000000020000000000000000000000000000000000000000000000000000000000000000000000000                                                                                                                             
75699999         000001000007000000                                                                                                                                                                                                             