34100000         208543628000145                    02198 000000015896 2MICHEL BUENO DE MELLO         BANCO ITAU SA                           10506202410512500000004000000                                                      000            
34100011R0100030 2008543628000145                    02198 000000015896 2MICHEL BUENO DE MELLO                                                                                         000000000506202405062024                                 
3410001300001P 0102198 000000015896 2112000000024        000000000000002     0508202400000000001000000000001S05062024005082024000000000000000000000000000000000000000000000000000000000000000000000                         0000000000000000000 
3410001300002Q 011000052696600244WILLIAM CAMILLO RODRIGUES BARR          L, 0                                    C              68900000MACAPA         AP0000000000000000                                        000                            
34100015         0000040000010000000000001000000000000000000000000000000000000000000000000000000000000000000000000000000000                                                                                                                     
34199999         000001000006000000                                                                                                                                                                                                             
