03300000        2008543628000145219800000000047                         MICHEL BUENO DE MELLO         BANCO SANTANDER                         105062024      KYELUZ040                                                                          
03300001R01  030 2008543628000145                    219800000000047     MICHEL BUENO DE MELLO                                                                                         0000000005062024                                         
0330000300001P 012198000015896890001589689  0000000000027512  0000000000000030606202400000000001000000000 02N05062024300000000000000000000000000000000000000000000000000000000000000000000000000000                         000106000           
0330000300002Q 011000052696600244WILLIAM CAMILLO RODRIGUES BARRERA       L, 0                                    C              68900000MACAPA         AP0000000000000000                                        000000000000                   
0330000300003R 01000000000000000000000000                        206062024000000000000000                                                                                                                                                       
03300005         000005                                                                                                                                                                                                                         
03399999         000001000007                                                                                                                                                                                                                   
