20800000         20854362800014547                  2198900000001589680 MICHEL BUENO DE MELLO         BANCO BTG PACTUAL S.A.                  105062024112138RBRKZA08300000                                                                     
20800011R01  060 2008543628000145                    2198900000001589680 MICHEL BUENO DE MELLO                                                                                         RBRKZAIX0506202400000000                                 
2080001300001P 012198900000001589680 000000000020        111220000000000000020312202400000000001000000000 01S05062024300000000000000000000000000000000000000000000000000000000000000000000000000000                         3001060090000000000 
2080001300002Q 011000052696600244WILLIAM CAMILLO RODRIGUES BARRERA       L, 0                                    C              68900000MACAPA         AP0000000000000000                                        000                            
20800015         0000040000000000000000000000000000000000000000000000000000000000000000000000000000000000000000000000000000                                                                                                                     
20899999         000001000006000000                                                                                                                                                                                                             
