74800000         208543628000145                    21989 0000001589680 MICHEL BUENO DE MELLO         SICREDI                                 105062024152235UKCRO508101600                                                                     
74800011R01  040 2008543628000145                    21989 0000001589680 MICHEL BUENO DE MELLO                                                                                         UKCRO5090506202400000000                                 
7480001300001P 0121989 0000001589680 242000035           111220000000000001000607202400000000001200000000 05S05062024300000000000000000000000000000000000000000000000000000000000000000000000000000                         3001060090000000000 
7480001300002Q 012008543628000145MICHEL BUENO DE MELLO  CIA LTDA         RUA PAULO ROGERIO CHAMMA, 443           ARY FANCHIN    84200000JAGUARIAIVA    PR0000000000000000                                        000                            
7480001300003P 0121989 0000001589680 242000027           111220000000000001000606202400000000001200000000 05S05062024300000000000000000000000000000000000000000000000000000000000000000000000000000                         3001060090000000000 
7480001300004Q 012008543628000145MICHEL BUENO DE MELLO  CIA LTDA         RUA PAULO ROGERIO CHAMMA, 443           ARY FANCHIN    84200000JAGUARIAIVA    PR0000000000000000                                        000                            
74800015         0000060000000000000000000000000000000000000000000000000000000000000000000000000000000000000000000000000000                                                                                                                     
74899999         000001000008000000                                                                                                                                                                                                             
