01REMESSA01COBRANCA       019600 0527773      ANDERSON VENTURIN             004B.DO NORDESTE  061124                                                                                                                                                                                                                                                                                                      000001
1                0196000052777301                             0000002700000000000000000000000000000        4012         04112400000000027110040000 01S061124000000000000000000000000000000000000000000000000000000000000000233448150000383AZUL COMPANHIA DE SEGUROS GERAIS        AVENIDA OLEGARIO MACIEL, 1217           LOURDES     30180111BELO HORIZONTE MG                                        990000002
9                                                                                                                                                                                                                                                                                                                                                                                                         000003
