01REMESSA01COBRANCA       0196000052777       ANDERSON VENTURIN             004B.DO NORDESTE  061124                                                                                                                                                                                                                                                                                                      000001
1                0196000052777001                             0000002700000000000000000000000000000        4012         0411240000000002711   0000 01S061124000000000000000000000000000000000000000000000000000000000000000233448150000383AZUL COMPANHIA DE SEGUROS GERAIS        AVENIDA OLEGARIO MACIEL, 1217           LOURDES     30180111BELO HORIZONTE MG                                        990000002
9                                                                                                                                                                                                                                                                                                                                                                                                         000003
