01REMESSA01COBRANCA       0196000005277       ANDERSON VENTURIN             004B.DO NORDESTE  251124                                                                                                                                                                                                                                                                                                      000001
1                0196000005277001                             0000002700000000000000000000000000000        40123        04112400000000027110040000 01S251124000000000000000000000000000000000000000000000000000000000000000233448150000383AZUL COMPANHIA DE SEGUROS GERAIS        AVENIDA OLEGARIO MACIEL, 1217           LOURDES     30180111BELO HORIZONTE MG                                        990000002
9                                                                                                                                                                                                                                                                                                                                                                                                         000003
