01REMESSA01COBRANCA       0000500009520985980                               748SICREDI        20241125        QN2RF5C                                                                                                                                                                                                                                                                                 2.00000001
1AAA            AAA                            242000027      20241125 N B        00000000000000            012         1608240000000002123         AS251124000000000000000000000000000000000000000000000000000000000000002008543628000145MICHEL BUENO DE MELLO  CIA LTDA         RUA PAULO ROGERIO CHAMMA, 443           00000000000 8420000000000                                                       000002
91748    5                                                                                                                                                                                                                                                                                                                                                                                                000003
