01REMESSA01COBRANCA       01960000052777      ANDERSON VENTURIN             004B.DO NORDESTE  251124                                                                                                                                                                                                                                                                                                      000001
1                0196000052777001                             0000033700000000000000000000000000000        40133        21112400000000002710040000 01S251124000000000000000000000000000000000000000000000000000000000000000233448150000383AZUL COMPANHIA DE SEGUROS GERAIS        AVENIDA OLEGARIO MACIEL, 1217           LOURDES     30180111BELO HORIZONTE MG                                        990000002
9                                                                                                                                                                                                                                                                                                                                                                                                         000003
