01REMESSA01COBRANCA       01960000052777      ANDERSON VENTURIN             004B.DO NORDESTE  261124                                                                                                                                                                                                                                                                                                      000001
1                0196000005277001                             0000033700000000000000000000000000000        40133        21112400000000027110000000 01S261124000000000000000000000000000000000000000000000000000000000000000233448150000383AZUL COMPANHIA DE SEGUROS GERAIS        AVENIDA OLEGARIO MACIEL, 1217           LOURDES     30180111BELO HORIZONTE MG                                        990000002
1                0196000005277001                             0000002700000000000000000000000000000        4012         04112400000000027110000000 01S261124000000000000000000000000000000000000000000000000000000000000000233448150000383AZUL COMPANHIA DE SEGUROS GERAIS        AVENIDA OLEGARIO MACIEL, 1217           LOURDES     30180111BELO HORIZONTE MG                                        990000003
9                                                                                                                                                                                                                                                                                                                                                                                                         000004
