01REMESSA01COBRANCA                           MICHEL BUENO DE MELLO         077INTER          050624        MXXZUZ6ME                                                                                                                                                                                                                                                                                     000001
1                   11200010000158968                         00000000000000000000000000000000000000        012         040924000000001000060      99N050624   00000000000000000000000000000000000000000000000000000000000000100052696600244WILLIAM CAMILLO RODRIGUES BARRERA       L, 0                                    68900000                                                                      000002
9                                                                                                                                                                                                                                                                                                                                                                                                         000003
